@article{bib:arribas2006quaternions,
  title={Quaternions and the rotation of a rigid body},
  author={Arribas, M and Elipe, A and Palacios, M},
  journal={Celestial Mechanics and Dynamical Astronomy},
  volume={96},
  number={3-4},
  pages={239--251},
  year={2006},
  publisher={Springer}
}

@article{bib:fuselier2009stability,
  title={Stability and error estimates for vector field interpolation
                  and decomposition on the sphere with RBFs},
  author={Fuselier, Edward J and Wright, Grady B },
  journal={SIAM Journal on Numerical Analysis},
  volume={47},
  number={5},
  pages={3213--3239},
  year={2009},
  publisher={SIAM}
}

@TECHREPORT{bib:geometrictools-rotation-performance,
   title = {Rotation representation and performance issues},
   author = {David Eberly},
   institution = {Geometric Tools, {LLC}},
   year = {2008},
   address = {www.geometrictools.com},
   note = {From documentation to {W}ild {M}agic library},
}

@article{bib:graf2008quaternions,
  title={Quaternions and dynamics},
  author={Graf, Basile},
  journal={arXiv preprint arXiv:0811.2889},
  year={2008}
}

@INCOLLECTION{bib:gpugems3-harada-2008,
   title = {Real-time rigid body simulation on {GPU}s},
   author = {Takahiro Harada},
   pages = {611--631},
   booktitle = {GPU Gems 3},
   publisher = {Addison-{W}esley, {NVIDIA}},
   year = {2008},
   editor = {Hubert Nguyen},
}

@article{bib:hopkins1991numerical,
  title={On the numerical simulation of the sea ice ridging process},
  author={Hopkins, Mark A and Hibler, WD and Flato, GM},
  journal={Journal of Geophysical Research: Oceans (1978--2012)},
  volume={96},
  number={C3},
  pages={4809--4820},
  year={1991},
  publisher={Wiley Online Library}
}

@article{bib:nemes2013perturbed,
  title={Perturbed Kepler problem in general relativity with quaternions},
  author={Nemes, F and Mik{\'o}czi, B},
  journal={International Journal of Modern Physics D},
  volume={22},
  number={08},
  year={2013},
  publisher={World Scientific}
}

@article{bib:waldvogel2008quaternions,
  title={Quaternions for regularizing celestial mechanics: the right way},
  author={Waldvogel, J{\"o}rg},
  journal={Celestial Mechanics and Dynamical Astronomy},
  volume={102},
  number={1-3},
  pages={149--162},
  year={2008},
  publisher={Springer}
}

@INPROCEEDINGS{bib:Walton-Braun-1993,
   author = {O. R. Walton and R. L. Braun},
   title = {Simulation of Rotary-Drum and Repose Tests for Frictional
                  Spheres and Rigid Spere Clusters},
   booktitle={5-th Joint {DOE/NSF} workshop on flow of particulates
                  and fluids},
   year = {1993},
   address = {Ithaca, {NY}, {USA}},
}

@article{bib:wessel2013generic,
  title={Generic mapping tools: Improved version released},
  author={Wessel, Paul and Smith, Walter HF and Scharroo, Remko and
                  Luis, Joaquim and Wobbe, Florian},
  journal={Eos, Transactions American Geophysical Union},
  volume={94},
  number={45},
  pages={409--410},
  year={2013},
  publisher={Wiley Online Library}
}

@MISC{bib:wikipedia-quaternions-srotation,
   author = {Wikipedia},
   year = {2012},
   title = {Quaternions and Spacial Rotationa},
   howpublished = {Wikipedia.org},
   note = {at http://en.wikipedia.org/wiki/Quaternions\_and\_spatial\_rotation},
}

@article{bib:marsaglia1972,
  author = {Marsaglia, George},
  doi = {10.1214/aoms/1177692644},
  fjournal = {The Annals of Mathematical Statistics},
  journal = {Ann. Math. Statist.},
  month = {04},
  number = {2},
  pages = {645--646},
  publisher = {The Institute of Mathematical Statistics},
  title = {Choosing a Point from the Surface of a Sphere},
  url = {http://dx.doi.org/10.1214/aoms/1177692644},
  volume = {43},
  year = {1972}
}

